@misc{CppMutex,
  author = {MultiMedia LLC},
  title = {std::mutex},
  year = 2019,
  url = {\url{https://en.cppreference.com/w/cpp/thread/mutex/what/if/this/is/really/long/though}},
  urldate = {2010-09-30}
}