@misc{Carmack2007,
  author = {Carmack, J.},
  title = {John Carmack on Inlined Code},
  year = 2007,
  note = {Available at: \url{http://number-none.com/blow/john_carmack_on_inlined_code.html} (Accessed: 22 October 2019).}
}

@misc{Knott-Craig2017,
  author = {Knott-Craig, A.},
  title = {Delay big decisions that are not urgent},
  year = 2017,
  note = {Available at: \url{https://bigalmanack.com/delay-big-decisions-that-are-not-urgent/} (Accessed: 22 October 2019).}
}

@misc{Overvoorde2019,
  author = {Overvoorde, A.},
  title = {Vulkan Tutorial},
  year = 2019,
  note = {Available at: \url{https://vulkan-tutorial.com} (Accessed: 24 October 2019).}
}

